000146854 FMT   L BK
000146854 LDR   L ^^^^^cam^a2201477zi^4500
000146854 001   L 000146854
000146854 005   L 20160226175515.0
000146854 008   L 970407s1997^^^^fi^|||||||||||||||||fin||
000146854 015   L $$afx541301$$2skl
000146854 020   L $$a951-0-21392-6$$qsidottu
000146854 0243  L $$a9789510213926
000146854 035   L $$a(FI-MELINDA)000146854
000146854 040   L $$aFI-NL
000146854 0411  L $$afin$$heng
000146854 042   L $$afinb
000146854 080   L $$a524.8
000146854 080   L $$a530.12
000146854 080   L $$a115
000146854 080   L $$a53$$9FENNI<KEEP>
000146854 080   L $$a5$$x(091)
000146854 080   L $$a524
000146854 080   L $$a52$$9FENNI<KEEP>
000146854 084   L $$a52.2$$2ykl$$9FENNI<KEEP>
000146854 1001  L $$aHawking, Stephen.
000146854 24014 L $$aThe illustrated A brief history of time
000146854 24510 L $$aAjan lyhyt historia /$$cStephen Hawking ; suomentanut Risto Varteva.
000146854 250   L $$aTark. ja täyd., kuv. laitos.
000146854 260   L $$aPorvoo ;$$aHelsinki ;$$aJuva :$$bWSOY,$$c1997.
000146854 300   L $$a248, [6] s. :$$bkuvitettu ;$$c26 cm
000146854 336   L $$ateksti$$btxt$$2rdacontent
000146854 337   L $$akäytettävissä ilman laitetta$$bn$$2rdamedia
000146854 338   L $$anide$$bnc$$2rdacarrier
000146854 500   L $$aLisäpainokset: 2. p. 1998 (painettu Saksassa).
000146854 500   L $$aLisäpainokset: 2. p. 1998.$$9FENNI<KEEP>
000146854 500   L $$aSisältää hakemiston.
000146854 500   L $$a2. p. 1998.
000146854 5611  L $$aTYL: Raseborg-opisto 2013.$$5FI-TYL
000146854 595   L $$a2. p. 1998$$5TAMK
000146854 650 7 L $$amaailmankaikkeuden synty$$2ysa$$9FENNI<KEEP>
000146854 650 7 L $$afysiikka$$2ysa
000146854 650 7 L $$akosmologia$$2ysa
000146854 650 7 L $$amaailmankaikkeus$$2ysa$$9FENNI<KEEP>
000146854 650 7 L $$akvarkit$$2ysa$$9FENNI<KEEP>
000146854 650 7 L $$asuhteellisuusteoria$$2ysa$$9FENNI<KEEP>
000146854 650 7 L $$amustat aukot$$2ysa$$9FENNI<KEEP>
000146854 650 7 L $$aaika$$2ysa$$9FENNI<KEEP>
000146854 650 7 L $$amaailmankuva$$2ysa
000146854 650 7 L $$akvarkar$$2allars
000146854 650 7 L $$arelativitetsteori$$2allars
000146854 650 7 L $$asvarta hål$$2allars
000146854 650 7 L $$auniversums uppkomst$$2allars
000146854 650 7 L $$atid$$2allars
000146854 653   L $$aMAAILMANKAIKKEUDEN SYNTY.
000146854 7001  L $$aVarteva, Risto.
000146854 9001  L $$aHawking, Stephen$$yHawking, Stephen W.
000146854 9001  L $$aHawking, Stephen W.$$yHawking, Stephen
000146854 9001s L $$aHAWKING, STEPHEN$$uHAWKING, STEPHEN W.
000146854 902   L $$ab$$5FENNI
000146854 908   L $$axxk
