000215259 FMT   L BK
000215259 LDR   L ^^^^^cam^a2201345^i^4500
000215259 001   L 000215259
000215259 005   L 20160204014221.0
000215259 008   L 000504s2000^^^^fi^|||||||||||||||||fin|^
000215259 015   L $$afx657984$$2skl
000215259 020   L $$a951-0-24821-5$$qnidottu
000215259 0248  L $$aA0535080
000215259 035   L $$a(FI-MELINDA)000215259
000215259 040   L $$aFI-NL
000215259 0411  L $$afin$$heng
000215259 042   L $$afinb
000215259 072 7 L $$a06$$2kkaa
000215259 080   L $$a52$$9FENNI<KEEP>
000215259 080   L $$a53$$9FENNI<KEEP>
000215259 084   L $$a52$$2ykl
000215259 084   L $$a53$$2ykl
000215259 084   L $$a52.2$$2ykl$$9FENNI<KEEP>
000215259 084   L $$a52.2
000215259 1001  L $$aHawking, Stephen.
000215259 24014 L $$aThe illustrated A brief history of time
000215259 24510 L $$aAjan lyhyt historia /$$cStephen Hawking ; suomentanut Risto Varteva.
000215259 250   L $$aTark. ja täyd., kuv. laitos, 3. p.
000215259 260   L $$aPorvoo ;$$aHelsinki ;$$aJuva :$$bWSOY,$$c2000.
000215259 300   L $$a248, [6] s. :$$bkuvitettu ;$$c25 cm
000215259 336   L $$ateksti$$btxt$$2rdacontent
000215259 337   L $$akäytettävissä ilman laitetta$$bn$$2rdamedia
000215259 338   L $$anide$$bnc$$2rdacarrier
000215259 500   L $$aLisäpainokset: 4. p. 2002. - 5. p. 2005.$$9FENNI<KEEP>
000215259 500   L $$aSisältää sanaston ja hakemiston.
000215259 500   L $$aLisäpainokset: 5. p.
000215259 500   L $$aLisäpainokset: 5. p. 2005.
000215259 500   L $$a4. p. 2002. - 5. p. 2005
000215259 650 7 L $$aalkeishiukkaset$$2ysa
000215259 650 7 L $$akosmologia$$2ysa
000215259 650 7 L $$aoppihistoria$$2ysa
000215259 650 7 L $$atähtitiede$$2ysa
000215259 650 7 L $$afysiikka$$2ysa
000215259 650 7 L $$amaailmankaikkeus$$2ysa$$9FENNI<KEEP>
000215259 650 7 L $$akvarkit$$2ysa$$9FENNI<KEEP>
000215259 650 7 L $$asuhteellisuusteoria$$2ysa$$9FENNI<KEEP>
000215259 650 7 L $$ahiukkasfysiikka$$2ysa
000215259 650 7 L $$amustat aukot$$2ysa$$9FENNI<KEEP>
000215259 650 7 L $$amaailmankaikkeuden synty$$2ysa$$9FENNI<KEEP>
000215259 650 7 L $$aaika$$2ysa$$9FENNI<KEEP>
000215259 650 7 L $$auniversum$$2allars
000215259 650 7 L $$akvarkar$$2allars
000215259 650 7 L $$asvarta hål$$2allars
000215259 650 7 L $$auniversums uppkomst$$2allars
000215259 650 7 L $$atid$$2allars
000215259 650 7 L $$arelativitetsteori$$2allars
000215259 650 7 L $$aaika
000215259 650 7 L $$amaailmankaikkeuden synty
000215259 650 7 L $$amustat aukot
000215259 650 7 L $$asuhteellisuusteoria
000215259 650 7 L $$akvarkit
000215259 7001  L $$aVarteva, Risto,$$ekääntäjä.
000215259 9001  L $$aHawking, Stephen$$yHawking, Stephen W.
000215259 9001  L $$aHawking, Stephen W.$$yHawking, Stephen
000215259 9001s L $$aHawking, Stephen$$uHawking, Stephen W.
000215259 901   L $$aMM20050520$$5FENNI
000215259 902   L $$ab$$5FENNI
