000555230 FMT   L BK
000555230 LDR   L ^^^^^cam^a2201381zi^4500
000555230 001   L 000555230
000555230 005   L 20151224190128.0
000555230 008   L 881117s1988^^^^fi^|||||||||||||||||fin||
000555230 015   L $$afx41830$$2skl
000555230 020   L $$a951-0-15092-4$$qsidottu
000555230 035   L $$a(FI-MELINDA)000555230
000555230 040   L $$aFI-NL
000555230 0411  L $$afin$$heng
000555230 042   L $$afinb
000555230 080   L $$a115
000555230 080   L $$a5$$x(091)
000555230 080   L $$a521
000555230 080   L $$a524$$x(091)
000555230 080   L $$a524.8
000555230 080   L $$a524.85
000555230 080   L $$a524.85:524.882
000555230 080   L $$a524.882
000555230 080   L $$a53
000555230 080   L $$a530.1
000555230 080   L $$a530.12
000555230 080   L $$a530.12:524.8
000555230 080   L $$a52$$9FENNI<KEEP>
000555230 08214 L $$a50
000555230 084   L $$a52.1$$2ykl$$9FENNI<KEEP>
000555230 084   L $$a52.2$$2ykl
000555230 1001  L $$aHawking, Stephen.
000555230 24012 L $$aA brief history of time
000555230 24510 L $$aAjan lyhyt historia :$$balkuräjähdyksestä mustiin aukkoihin /$$cStephen W. Hawking ; alkusanat: Carl Sagan ; piirrokset: Ron Miller ; suom. Risto Varteva.
000555230 260   L $$aPorvoo ;$$aHki ;$$aJuva :$$bWSOY,$$c1988$$e(Porvoo)
000555230 300   L $$a193 s. :$$bkuvitettu ;$$c23 cm
000555230 336   L $$ateksti$$btxt$$2rdacontent
000555230 337   L $$akäytettävissä ilman laitetta$$bn$$2rdamedia
000555230 338   L $$anide$$bnc$$2rdacarrier
000555230 500   L $$aLisäpainokset: 2.-3. p. 1988. - 4.-5. p. 1989. - 6. p. 1990.$$9FENNI<KEEP>
000555230 500   L $$aLisäpainokset: 8. p. 1999.
000555230 500   L $$aLisäpainokset: 2. p. 1988.
000555230 650 7 L $$aaika$$xhistoria$$2ysa
000555230 650 7 L $$akosmologia$$2ysa
000555230 650 7 L $$atähtitiede$$2ysa
000555230 650 7 L $$aaika$$2ysa$$9FENNI<KEEP>
000555230 650 7 L $$amaailmankaikkeuden synty$$2ysa$$9FENNI<KEEP>
000555230 650 7 L $$aalkuräjähdys$$2ysa$$9FENNI<KEEP>
000555230 650 7 L $$amustat aukot$$2ysa$$9FENNI<KEEP>
000555230 650 7 L $$asuhteellisuusteoria$$2ysa$$9FENNI<KEEP>
000555230 650 7 L $$akvarkit$$2ysa$$9FENNI<KEEP>
000555230 650 7 L $$amaailmankaikkeus$$2ysa$$9FENNI<KEEP>
000555230 653   L $$aalkuräjähdys
000555230 7001  L $$aSagan, Carl.
000555230 7001  L $$aVarteva, Risto.
000555230 9001  L $$aHawking, Stephen W.$$yHawking, Stephen
000555230 901   L $$aMM20150129 (100, 900)$$5FENNI
