004782892 FMT   L BK
004782892 LDR   L ^^^^^cam^a2201501^i^4500
004782892 001   L 004782892
004782892 005   L 20160209005323.0
004782892 008   L 031015s2003^^^^fi^|||||||||||||||||fin|^
004782892 015   L $$afx739664$$2skl
004782892 020   L $$a951-0-28400-9$$qsidottu
004782892 020   L $$a978-951-0-28400-1
004782892 035   L $$a(FI-MELINDA)004782892
004782892 040   L $$aFI-NL
004782892 0411  L $$afin$$heng
004782892 042   L $$afinb
004782892 080   L $$a52$$9FENNI<KEEP>
004782892 080   L $$a524
004782892 080   L $$a524.83
004782892 084   L $$a52.2$$2ykl$$9FENNI<KEEP>
004782892 084   L $$a52.01$$2ykl
004782892 1001  L $$aHawking, Stephen.
004782892 24014 L $$aThe universe in a nutshell
004782892 24510 L $$aMaailmankaikkeus pähkinänkuoressa /$$cStephen Hawking ; suomentanut Risto Varteva.
004782892 260   L $$aHelsinki :$$bWSOY,$$c2003$$e(Jyväskylä :$$fGummerus)
004782892 300   L $$a215 s. :$$bkuvitettu ;$$c26 cm
004782892 336   L $$ateksti$$btxt$$2rdacontent
004782892 337   L $$akäytettävissä ilman laitetta$$bn$$2rdamedia
004782892 338   L $$anide$$bnc$$2rdacarrier
004782892 500   L $$aLisäpainokset: 2. p. 2003.$$9FENNI<KEEP>$$9OULA<DROP>
004782892 500   L $$aLisäpainokset: 2. p. 2003. - [Lisäp.] 2015.
004782892 594   L $$aIrtopäällys$$5FENNI
004782892 650 7 L $$atulevaisuudentutkimus$$2ysa
004782892 650 7 L $$amaailmankaikkeus$$xteoriat$$2ysa
004782892 650 7 L $$akvanttimekaniikka$$2ysa
004782892 650 7 L $$amaailmankaikkeus$$2ysa$$9FENNI<KEEP>
004782892 650 7 L $$akosmologia$$2ysa$$9FENNI<KEEP>
004782892 650 7 L $$asuhteellisuusteoria$$2ysa$$9FENNI<KEEP>
004782892 650 7 L $$aaika$$2ysa$$9FENNI<KEEP>
004782892 650 7 L $$akvanttiteoria$$2ysa$$9FENNI<KEEP>
004782892 650 7 L $$amustat aukot$$2ysa$$9FENNI<KEEP>
004782892 650 7 L $$aaikamatkat$$2ysa$$9FENNI<KEEP>
004782892 650 7 L $$atulevaisuus$$2ysa$$9FENNI<KEEP>
004782892 650 7 L $$ateoriat$$2ysa$$9FENNI<KEEP>
004782892 650 7 L $$atulevaisuus$$xmaailmankaikkeus$$2ysa
004782892 650 7 L $$atulevaisuus$$xteoriat$$2ysa
004782892 650 7 L $$auniversum$$2allars
004782892 650 7 L $$akvantmekanik$$2allars
004782892 650 2 L $$atime
004782892 650 2 L $$aquantum theory
004782892 650 2 L $$aastronomy
004782892 650 2 L $$aexobiology
004782892 7001  L $$aVarteva, Risto,$$ekääntäjä.
004782892 9001  L $$aHawking, Stephen W.$$yHawking, Stephen
004782892 901   L $$aMM20040115$$5FENNI
004782892 901   L $$aMU20031016$$5FENNI
