005928734 FMT   L BK
005928734 LDR   L ^^^^^cam^a2201129^i^4500
005928734 001   L 005928734
005928734 005   L 20160206032059.0
005928734 008   L 110817s2011^^^^fi^||||^^^^^^|00|^0|fin|^
005928734 015   L $$afx975346$$2skl
005928734 020   L $$a978-951-0-38205-9$$qsidottu
005928734 035   L $$a(FI-MELINDA)005928734
005928734 040   L $$aFI-NL
005928734 0411  L $$afin$$heng
005928734 042   L $$afinb
005928734 080   L $$a52$$9FENNI<KEEP>
005928734 080   L $$a53$$9FENNI<KEEP>
005928734 080   L $$a524.8
005928734 084   L $$a52.2$$2ykl$$9FENNI<KEEP>
005928734 084   L $$a52$$2uef
005928734 1001  L $$aHawking, Stephen.
005928734 24014 L $$aThe grand design,$$lsuomi
005928734 24510 L $$aSuuri suunnitelma /$$cStephen Hawking ja Leonard Mlodinow ; suomentanut Markus Hotakainen.
005928734 260   L $$aHelsinki :$$bWSOY,$$c2011$$e(painettu EU:ssa)
005928734 300   L $$a238 s. :$$bkuvitettu, karttoja ;$$c22 cm
005928734 336   L $$ateksti$$btxt$$2rdacontent
005928734 337   L $$akäytettävissä ilman laitetta$$bn$$2rdamedia
005928734 338   L $$anide$$bnc$$2rdacarrier
005928734 650 7 L $$amaailmankaikkeus$$2ysa$$9FENNI<KEEP>
005928734 650 7 L $$aeksistenssi$$2ysa$$9FENNI<KEEP>
005928734 650 7 L $$atodellisuus$$2ysa$$9FENNI<KEEP>
005928734 650 7 L $$aluonnonlait$$2ysa$$9FENNI<KEEP>
005928734 650 7 L $$akvanttifysiikka$$2ysa$$9FENNI<KEEP>
005928734 650 7 L $$akaiken teoria$$2ysa$$9FENNI<KEEP>
005928734 650 7 L $$aaika$$2ysa$$9FENNI<KEEP>
005928734 650 7 L $$aavaruus$$2ysa$$9FENNI<KEEP>
005928734 650 7 L $$akvanttimekaniikka$$2ysa
005928734 650 7 L $$avaihtoehtohistoria$$2ysa
005928734 650 7 L $$auniversum$$2allars
005928734 650 7 L $$aexistens$$2allars
005928734 650 7 L $$averklighet$$2allars
005928734 650 7 L $$anaturlagar$$2allars
005928734 650 7 L $$akvantfysik$$2allars
005928734 650 7 L $$ateori om allt$$2allars
005928734 650 7 L $$atid$$2allars
005928734 650 7 L $$arymden$$2allars
005928734 7001  L $$aMlodinow, Leonard,$$ekirjoittaja.
005928734 7001  L $$aHotakainen, Markus,$$d1963-,$$ekääntäjä.
005928734 9001  L $$aHawking, Stephen$$yHawking, Stephen W.
005928734 9001  L $$aHawking, Stephen W.$$yHawking, Stephen
005928734 901   L $$aMU20110818$$5FENNI
