006123458 FMT   L BK
006123458 LDR   L ^^^^^cam^a2200961^i^4500
006123458 001   L 006123458
006123458 005   L 20160104202407.0
006123458 008   L 121018s2012^^^^fi^||||^^^^^^|00|^0|fin|^
006123458 015   L $$afx1004798$$2skl
006123458 015   L $$afx1005099$$2skl
006123458 020   L $$a978-951-0-39374-1$$qnidottu
006123458 035   L $$a(FI-MELINDA)006123458
006123458 040   L $$aFI-NL
006123458 0411  L $$afin$$heng
006123458 042   L $$afinb
006123458 080   L $$a52$$9FENNI<KEEP>
006123458 080   L $$a53$$9FENNI<KEEP>
006123458 080   L $$a502/504
006123458 080   L $$a93/99
006123458 084   L $$a52.2$$2ykl$$9FENNI<KEEP>
006123458 1001  L $$aHawking, Stephen.
006123458 24012 L $$aA brief history of time,$$lsuomi
006123458 24510 L $$aAjan lyhyt historia /$$cStephen Hawking ; piirrokset: Ron Miller ; suomentanut Risto Varteva.
006123458 260   L $$aHelsinki :$$bWSOY,$$c2012$$e(painettu EU:ssa)
006123458 300   L $$a276 s. :$$bkuvitettu ;$$c18 cm
006123458 336   L $$ateksti$$btxt$$2rdacontent
006123458 337   L $$akäytettävissä ilman laitetta$$bn$$2rdamedia
006123458 338   L $$anide$$bnc$$2rdacarrier
006123458 4900  L $$aWSOY pokkari
006123458 500   L $$aEnsimmäinen suomenkielinen painos ilmestyi 1988, tark. ja täyd. käännös 1996.$$9FENNI<KEEP>
006123458 5052  L $$aS. 244-253: Sanasto$$9FENNI<KEEP>
006123458 5050  L $$aS. 244-253: Sanasto.
006123458 534   L $$pSuomenkielinen laitos:$$cWSOY ja Risto Varteva, 1988, 1996.
006123458 579   L $$aXLUETTELOITU$$baura
006123458 650 7 L $$aaika$$2ysa$$9FENNI<KEEP>
006123458 650 7 L $$amaailmankaikkeuden synty$$2ysa$$9FENNI<KEEP>
006123458 650 7 L $$amustat aukot$$2ysa$$9FENNI<KEEP>
006123458 650 7 L $$asuhteellisuusteoria$$2ysa$$9FENNI<KEEP>
006123458 650 7 L $$akvarkit$$2ysa$$9FENNI<KEEP>
006123458 650 7 L $$amaailmankaikkeus$$2ysa$$9FENNI<KEEP>
006123458 650 7 L $$atid$$2allars
006123458 650 7 L $$auniversums uppkomst$$2allars
006123458 650 7 L $$asvarta hål$$2allars
006123458 650 7 L $$arelativitetsteori$$2allars
006123458 650 7 L $$akvarkar$$2allars
006123458 650 7 L $$auniversum$$2allars
006123458 7001  L $$aMiller, Ron.
006123458 7001  L $$aVarteva, Risto.
006123458 830 0 L $$aWSOY pokkari.
006123458 9001  L $$aHawking, Stephen$$yHawking, Stephen W.
006123458 901   L $$aMU20121018$$5FENNI
006123458 902   L $$ab$$5FENNI
