006457602 FMT   L BK
006457602 LDR   L ^^^^^cam^a2200601^i^4500
006457602 001   L 006457602
006457602 005   L 20160110015333.0
006457602 007   L cr|||^||||||||
006457602 008   L 131108s2012^^^^fi^||||^o^^^^|00|^0|fin|^
006457602 015   L $$afx1039012$$2skl
006457602 020   L $$a978-951-0-39486-1$$qEPUB
006457602 035   L $$a(FI-MELINDA)006457602
006457602 040   L $$aFI-NL
006457602 0410  L $$afin
006457602 042   L $$afinb
006457602 080   L $$a52$$9FENNI<KEEP>
006457602 080   L $$a53$$9FENNI<KEEP>
006457602 084   L $$a52.2$$2ykl$$9FENNI<KEEP>
006457602 1001  L $$aHawking, Stephen.
006457602 24012 L $$aA brief history of time,$$lsuomi
006457602 24510 L $$aAjan lyhyt historia /$$cStephen Hawking ; piirrokset: Ron Miller ; suomentanut Risto Varteva.
006457602 260   L $$aHelsinki :$$bWSOY,$$c2012.
006457602 300   L $$a1 EPUB-tiedosto (154 s.)
006457602 336   L $$ateksti$$btxt$$2rdacontent
006457602 337   L $$atietokonekäyttöinen$$bc$$2rdamedia
006457602 338   L $$averkkoaineisto$$bcr$$2rdacarrier
006457602 5052  L $$aS. 148-152: Sanasto$$9FENNI<KEEP>
006457602 538   L $$aInternet-yhteys.$$9FENNI<KEEP>
006457602 588   L $$aNimeke nimiösivulta.$$9FENNI<KEEP>
006457602 650 7 L $$aaika$$2ysa$$9FENNI<KEEP>
006457602 650 7 L $$amaailmankaikkeuden synty$$2ysa$$9FENNI<KEEP>
006457602 650 7 L $$amustat aukot$$2ysa$$9FENNI<KEEP>
006457602 650 7 L $$asuhteellisuusteoria$$2ysa$$9FENNI<KEEP>
006457602 650 7 L $$akvarkit$$2ysa$$9FENNI<KEEP>
006457602 650 7 L $$amaailmankaikkeus$$2ysa$$9FENNI<KEEP>
006457602 7001  L $$aMiller, Ron
006457602 7001  L $$aVarteva, Risto
006457602 85640 L $$uhttp://urn.fi/URN:ISBN:978-951-0-39486-1$$zKäytettävissä vapaakappalekirjastoissa$$5FENNI
006457602 9001  L $$aHawking, Stephen$$yHawking, Stephen W.
006457602 901   L $$aSU20131108$$5FENNI
