007343046 FMT   L BK
007343046 LDR   L ^^^^^cam^a2201021^i^4500
007343046 001   L 007343046
007343046 005   L 20160203035743.0
007343046 008   L 150818s2008^^^^fi^|||||||||||||||||fin|^
007343046 015   L $$afx883632$$2skl
007343046 020   L $$a978-951-0-33523-9$$qsidottu
007343046 0248  L $$aA1249478
007343046 035   L $$z(FI-MELINDA)006254937
007343046 035   L $$z(FI-MELINDA)000524866
007343046 035   L $$a(FI-MELINDA)007343046
007343046 040   L $$aFI-NL
007343046 0411  L $$afin$$heng
007343046 042   L $$afinb
007343046 072 7 L $$a06$$2kkaa
007343046 080   L $$a52$$9FENNI<KEEP>
007343046 080   L $$a53$$9FENNI<KEEP>
007343046 084   L $$a52.2$$2ykl$$9FENNI<KEEP>
007343046 1001  L $$aHawking, Stephen.
007343046 24012 L $$aA briefer history of time
007343046 24510 L $$aAjan lyhyempi historia /$$cStephen Hawking, Leonard Mlodinow ; suomentanut Arja Hokkanen.
007343046 260   L $$aHelsinki :$$bWSOY,$$c2008$$e(Porvoo :$$fWS Bookwell)
007343046 300   L $$a171 s. :$$bkuvitettu, karttoja ;$$c23 cm
007343046 336   L $$ateksti$$btxt$$2rdacontent
007343046 337   L $$akäytettävissä ilman laitetta$$bn$$2rdamedia
007343046 338   L $$anide$$bnc$$2rdacarrier
007343046 500   L $$aLisäpainokset: 2. p. 2010.
007343046 5050  L $$aS. 155-159: Sanasto$$9FENNI<KEEP>
007343046 583   L $$aMERGED FROM (FI-MELINDA)006254937 + (FI-MELINDA)000524866$$c2015-08-18T14:16:35+03:00$$5MELINDA
007343046 594   L $$aIrtopäällys$$5FENNI
007343046 650 7 L $$akvarkit$$2ysa$$9FENNI<KEEP>
007343046 650 7 L $$akosmologia$$2ysa
007343046 650 7 L $$aalkuräjähdys$$2ysa
007343046 650 7 L $$aaika$$2ysa$$9FENNI<KEEP>
007343046 650 7 L $$amustat aukot$$2ysa$$9FENNI<KEEP>
007343046 650 7 L $$asuhteellisuusteoria$$2ysa$$9FENNI<KEEP>
007343046 650 7 L $$aavaruus$$2ysa$$9FENNI<KEEP>
007343046 650 7 L $$amaailmankaikkeuden synty$$2ysa$$9FENNI<KEEP>
007343046 650 7 L $$amaailmankaikkeus$$2ysa$$9FENNI<KEEP>
007343046 7001  L $$aMlodinow, Leonard,$$ekirjoittaja.
007343046 7001  L $$aHokkanen, Arja,$$d1966-,$$ekääntäjä.
007343046 9001  L $$aHawking, Stephen$$yHawking, Stephen W.
007343046 9001s L $$aHawking, Stephen,$$uHawking, Stephen W.
007343046 901   L $$aMU20080506$$5FENNI
